<record xmlns="http://www.loc.gov/MARC21/slim" xmlns:xsi="http://www.w3.org/2001/XMLSchema-instance" xsi:schemaLocation="http://www.loc.gov/MARC21/slim http://www.loc.gov/standards/marcxml/schema/MARC21slim.xsd"><leader>     nam a22        4500</leader><controlfield tag="001">3099484</controlfield><controlfield tag="003">NNC</controlfield><controlfield tag="006">m        d        </controlfield><controlfield tag="007">cr cn |||m|||a</controlfield><controlfield tag="008">150601s1935    ua      o     000 0 ara d</controlfield><datafield ind1=" " ind2=" " tag="040"><subfield code="a">NNU</subfield><subfield code="b">eng</subfield><subfield code="e">rda</subfield><subfield code="c">NNU</subfield></datafield><datafield ind1="1" ind2=" " tag="100"><subfield code="a">Bigiev, Musa Dzharullakh,</subfield><subfield code="d">1875-1949.</subfield></datafield><datafield ind1="1" ind2="0" tag="245"><subfield code="6">880-01</subfield><subfield code="a">Ayya&#772;m h&#803;aya&#772;t al-Nabi&#772; al-kari&#772;m ... ;</subfield><subfield code="b">ha&#772;dhihi&#772; al-risa&#772;lah fi&#772; baya&#772;n ayya&#772;m h&#803;aya&#772;t al-Nabi&#772; ... bi-ta&#699;yi&#772;n ism al-ayya&#772;m fi&#772; al-usbu&#772;&#699; wa-bi-ta&#699;yi&#772;n &#699;adad al-ayya&#772;m fi&#772; shuhu&#772;riha&#772;, lam yakhruj mu&#700;al-lifuha&#772; min h&#803;udu&#772;d s&#803;ih&#803;a&#772;h&#803; al-ah&#803;a&#772;di&#772;th fi&#772;ha&#772; ...</subfield></datafield><datafield ind1=" " ind2=" " tag="260"><subfield code="6">880-02</subfield><subfield code="a">Mis&#803;r :</subfield><subfield code="b">Maktabat al-Kha&#772;nji&#772;,</subfield><subfield code="c">1354 h., 1935 m.</subfield></datafield><datafield ind1=" " ind2=" " tag="300"><subfield code="a">online resource (32 pages)</subfield></datafield><datafield ind1=" " ind2=" " tag="336"><subfield code="a">text</subfield><subfield code="2">rdacontent</subfield></datafield><datafield ind1=" " ind2=" " tag="337"><subfield code="a">computer</subfield><subfield code="2">rdamedia</subfield></datafield><datafield ind1=" " ind2=" " tag="338"><subfield code="a">online resource</subfield><subfield code="2">rdacarrier</subfield></datafield><datafield ind1=" " ind2=" " tag="500"><subfield code="a">Part of the Arabic Collections Online (ACO) project, contributed by Columbia University Libraries.</subfield></datafield><datafield ind1=" " ind2=" " tag="533"><subfield code="a">Electronic reproduction.</subfield><subfield code="b">New York, N.Y. :</subfield><subfield code="c">New York University,</subfield><subfield code="d">2015.</subfield><subfield code="5">NNU</subfield></datafield><datafield ind1="0" ind2="0" tag="600"><subfield code="6">880-03</subfield><subfield code="a">Muh&#803;ammad,</subfield><subfield code="c">Prophet,</subfield><subfield code="d">-632.</subfield></datafield><datafield ind1=" " ind2="0" tag="650"><subfield code="a">Islamic chronology.</subfield></datafield><datafield ind1="0" ind2="7" tag="600"><subfield code="a">Muh&#803;ammad,</subfield><subfield code="c">Prophet,</subfield><subfield code="d">-632</subfield><subfield code="2">fast</subfield><subfield code="0">(OCoLC)fst01836298</subfield></datafield><datafield ind1=" " ind2="7" tag="650"><subfield code="a">Islamic chronology.</subfield><subfield code="2">fast</subfield><subfield code="0">(OCoLC)fst01730293</subfield></datafield><datafield ind1="2" ind2=" " tag="710"><subfield code="a">Columbia University.</subfield><subfield code="b">Libraries.</subfield></datafield><datafield ind1="0" ind2=" " tag="730"><subfield code="a">Arabic Collections Online.</subfield></datafield><datafield ind1="0" ind2="8" tag="776"><subfield code="i">Print version:</subfield><subfield code="a">Bigiev, Musa Dzharullakh, 1875-1949.</subfield><subfield code="t">Ayya&#772;m h&#803;aya&#772;t al-Nabi&#772; al-kari&#772;m ... ;</subfield><subfield code="w">(NNC)3099484</subfield><subfield code="w">(OCoLC)48104053</subfield></datafield><datafield ind1="4" ind2="0" tag="856"><subfield code="u">http://hdl.handle.net/2333.1/51c5b27w</subfield></datafield><datafield ind1="1" ind2="0" tag="880"><subfield code="6">245-01/r</subfield><subfield code="a">&#1575;&#1610;&#1575;&#1605; &#1581;&#1610;&#1575;&#1577; &#1575;&#1604;&#1606;&#1576;&#1610; &#1575;&#1604;&#1603;&#1585;&#1610;&#1605; ... &#1563;</subfield><subfield code="b">&#1607;&#1575;&#1584;&#1607;&#1610; &#1575;&#1604;&#1585;&#1587;&#1575;&#1604;&#1577; &#1601;&#1610; &#1576;&#1610;&#1575;&#1606; &#1575;&#1610;&#1575;&#1605; &#1581;&#1610;&#1575;&#1577; &#1575;&#1604;&#1606;&#1576;&#1610; ... &#1576;&#1578;&#1593;&#1610;&#1610;&#1606; &#1575;&#1587;&#1605; &#1575;&#1604;&#1575;&#1610;&#1575;&#1605; &#1601;&#1610; &#1575;&#1604;&#1571;&#1587;&#1576;&#1608;&#1593; &#1608;&#1576;&#1578;&#1593;&#1610;&#1610;&#1606; &#1593;&#1583;&#1583; &#1575;&#1604;&#1575;&#1610;&#1575;&#1605; &#1601;&#1610; &#1588;&#1607;&#1608;&#1585;&#1607;&#1575;&#1548; &#1604;&#1605; &#1610;&#1582;&#1585;&#1580; &#1605;&#1572;&#1604;&#1604;&#1607;&#1575; &#1605;&#1606; &#1581;&#1583;&#1608;&#1583; &#1589;&#1581;&#1575;&#1581; &#1575;&#1604;&#1575;&#1581;&#1575;&#1583;&#1610;&#1579; &#1601;&#1610;&#1607;&#1575; ...</subfield></datafield><datafield ind1=" " ind2=" " tag="880"><subfield code="6">260-02/r</subfield><subfield code="a">&#1605;&#1589;&#1585; :</subfield><subfield code="b">&#1605;&#1603;&#1578;&#1576;&#1577; &#1575;&#1604;&#1582;&#1575;&#1606;&#1580;&#1610;&#1548;</subfield><subfield code="c">1354 &#1607;.&#1548; 1935 &#1605;.</subfield></datafield><datafield ind1="0" ind2="0" tag="880"><subfield code="6">600-03/r</subfield><subfield code="a">&#1605;&#1581;&#1605;&#1583;&#1548;</subfield><subfield code="c">Prophet&#1548;</subfield><subfield code="d">632.</subfield></datafield><datafield ind1=" " ind2=" " tag="959"><subfield code="a">NNU</subfield><subfield code="b">WEB</subfield><subfield code="c">GENI</subfield><subfield code="t">0</subfield><subfield code="m">Electronic access</subfield><subfield code="s">01</subfield></datafield><datafield ind1=" " ind2=" " tag="999"><subfield code="i">NNC_3099484</subfield><subfield code="o">(OCoLC)ocm48104053</subfield><subfield code="s">columbia_aco000572</subfield><subfield code="e">(ERROR-880)</subfield><subfield code="s">columbia_aco000572</subfield></datafield></record>